@preamble{ "\newcommand{\noopsort}[1]{} "
	# "\newcommand{\printfirst}[2]{#1} "
	# "\newcommand{\singleletter}[1]{#1} "
	# "\newcommand{\switchargs}[2]{#2#1} " }





@INPROCEEDINGS{arge_2010,
       author = {{Arge}, C. Nick and {Henney}, Carl J. and {Koller}, Josef and
         {Compeau}, C. Rich and {Young}, Shawn and {MacKenzie}, David and
         {Fay}, Alex and {Harvey}, John W.},
        title = "{Air Force Data Assimilative Photospheric Flux Transport (ADAPT) Model}",
     keywords = {photosphere, solar magnetism, solar wind, magnetosphere, solar corona, 96.60.Mz, 96.60.Hv, 96.60.Vg, 94.30.cq, 96.60.P-, Photosphere, Electric and magnetic fields solar magnetism, Particle emission solar wind, MHD waves plasma waves and instabilities, Corona},
    booktitle = {Twelfth International Solar Wind Conference},
         year = 2010,
       editor = {{Maksimovic}, M. and {Issautier}, K. and {Meyer-Vernet}, N. and
         {Moncuquet}, M. and {Pantellini}, F.},
       series = {American Institute of Physics Conference Series},
       volume = {1216},
        month = mar,
        pages = {343-346},
          doi = {10.1063/1.3395870},
       adsurl = {https://ui.adsabs.harvard.edu/abs/2010AIPC.1216..343A},
      adsnote = {Provided by the SAO/NASA Astrophysics Data System}
}

@ARTICLE{hickmann_2015,
       author = {{Hickmann}, Kyle S. and {Godinez}, Humberto C. and {Henney}, Carl J. and
         {Arge}, C. Nick},
        title = "{Data Assimilation in the ADAPT Photospheric Flux Transport Model}",
      journal = {\solphys},
     keywords = {Solar magnetic fields, Photosphere, Data assimilation, Mathematical Physics},
         year = 2015,
        month = apr,
       volume = {290},
       number = {4},
        pages = {1105-1118},
          doi = {10.1007/s11207-015-0666-3},
archivePrefix = {arXiv},
       eprint = {1410.6185},
 primaryClass = {math-ph},
       adsurl = {https://ui.adsabs.harvard.edu/abs/2015SoPh..290.1105H},
      adsnote = {Provided by the SAO/NASA Astrophysics Data System}
}


